@article{DBLP:journals/informaticaLT/KrilaviciusZ08,
  author    = {Tomas Krilavicius and
               Antanas Zilinskas},
  title     = {On Structural Analysis of Parliamentarian Voting Data},
  journal   = {Informatica, Lith. Acad. Sci.},
  volume    = {19},
  number    = {3},
  pages     = {377--390},
  year      = {2008},
  url       = {http://content.iospress.com/articles/informatica/inf19-3-04},
  timestamp = {Mon, 18 May 2015 17:23:15 +0200},
  biburl    = {https://dblp.org/rec/bib/journals/informaticaLT/KrilaviciusZ08},
  bibsource = {dblp computer science bibliography, https://dblp.org}
}

